@misc{CDC2023a,
  author = {{Centers for Disease Control and Prevention}},
  title = {Data \& Statistics on Sickle Cell Disease},
  year = {2023},
  howpublished = {\url{https://www.cdc.gov/ncbddd/sicklecell/data.html}},
  note = {Accessed: July 6, 2023}
}

@misc{CDC2023b,
  author = {{Centers for Disease Control and Prevention}},
  title = {What is Sickle Cell Disease?},
  year = {2023},
  howpublished = {\url{https://www.cdc.gov/ncbddd/sicklecell/facts.html}},
  note = {Accessed: July 6, 2023}
}

@article{Chen2021,
  author = {Chen, D.-P. and Wen, Y.-H. and Wang, P.-N. and Hour, A.-L. and Lin, W.-T. and Hsu, F.-P. and Wang, W.-T.},
  title = {The adverse events of haematopoietic stem cell transplantation are associated with gene polymorphism within human leukocyte antigen region},
  journal = {Scientific Reports},
  volume = {11},
  number = {1},
  year = {2021},
  doi = {10.1038/s41598-020-79369-w},
  url = {https://doi.org/10.1038/s41598-020-79369-w}
}

@misc{BeTheMatch,
  author = {},
  title = {Sickle Cell Disease â€“ Outcomes \& Advances},
  year = {n.d.},
  howpublished = {\url{https://bethematchclinical.org/transplant-indications-and-outcomes/disease-specific-indications-and-outcomes/sickle-cell-disease/}}
}

@article{StMartin2022,
  author = {St. Martin, A. and Hebert, K. M. and Serret-Larmande, A. and Jouhet, V. and Hughes, E. and Stedman, J. and DeSain, T. and Pillion, D. and Lyons, J. C. and Steinert, P. and Avillach, P. and Eapen, M.},
  title = {Long-term survival after hematopoietic cell transplant for sickle cell disease compared to the United States population},
  journal = {Transplantation and Cellular Therapy},
  volume = {28},
  number = {6},
  year = {2022},
  doi = {10.1016/j.jtct.2022.03.014},
  url = {https://doi.org/10.1016/j.jtct.2022.03.014}
}

@book{Collett2023,
  author = {Collett, D.},
  title = {Modelling Survival Data in Medical Research},
  edition = {4},
  year = {2023},
  publisher = {Chapman and Hall/CRC},
  doi = {10.1201/9781003282525},
  url = {https://doi.org/10.1201/9781003282525}
}

